% Encoding: UTF-8

@article{korst1996scheduling,
  title={Scheduling periodic tasks},
  author={Korst, Jan and Aarts, Emile and Lenstra, Jan Karel},
  journal={INFORMS journal on Computing},
  volume={8},
  number={4},
  pages={428--435},
  year={1996},
  publisher={INFORMS},
  doi={10.1287/ijoc.8.4.428},
}

@phdthesis{korst1992periodic,
  title = {Periodic multiprocessor scheduling},
  author = {J.H.M. Korst},
  year = {1992},
  doi = {10.6100/IR388787},
  language = {English},
  school = {Technische Universiteit Eindhoven, Department of Mathematics and Computer Science},
}

@phdthesis{wall1996genetic,
  title={A genetic algorithm for resource-Constrained scheduling},
  author={Wall, Matthew Bartschi},
  year={1996},
  school={Massachusetts Institute of Technology}
}

@inproceedings{prisaznuk2008arinc,
  title={ARINC 653 role in integrated modular avionics (IMA)},
  author={Prisaznuk, Paul J},
  booktitle={2008 IEEE/AIAA 27th Digital Avionics Systems Conference},
  pages={1--E},
  year={2008},
  organization={IEEE},
  doi={10.1109/DASC.2008.4702770},
}

@article{blikstad2018optimisation,
  title={An optimisation approach for pre-runtime scheduling of tasks and communication in an integrated modular avionic system},
  author={Blikstad, Mathias and Karlsson, Emil and Lööw, Tomas and Rönnberg, Elina},
  journal={Optimization and Engineering},
  volume={19},
  number={4},
  pages={977--1004},
  year={2018},
  publisher={Springer},
  doi={10.1007/s11081-018-9385-6},
}

@book{buttazzo2011hard,
  title={Hard real-time computing systems: predictable scheduling algorithms and applications},
  author={Buttazzo, Giorgio C},
  volume={24},
  year={2011},
  publisher={Springer Science \& Business Media},
  doi={10.1007/978-1-4614-0676-1}
}

@article{samolej2011arinc,
  title={ARINC Specification 653 Based Real-Time Software Engineering.},
  author={Samolej, Slawomir},
  journal={e-Informatica},
  volume={5},
  number={1},
  pages={39--49},
  year={2011},
}

@article{gaska2015integrated,
  title={Integrated modular avionics-past, present, and future},
  author={Gaska, Thomas and Watkin, Chris and Chen, Yu},
  journal={IEEE Aerospace and Electronic Systems Magazine},
  volume={30},
  number={9},
  pages={12--23},
  year={2015},
  publisher={IEEE},
  doi={10.1109/MAES.2015.150014}
}

@inproceedings{barros,
  title={Distributed Integrated Modular Avionics},
  author={Barros, Miguel and Neves, José and Negrão, José and Penna, Sérgio and Ortiz, Marco},
  booktitle={},
  year={2018},
  organization={NATO}
}

@book{annighofer2013supporting,
  title={Supporting the design of distributed integrated modular avionics systems with binary programming},
  author={Annighöfer, Björn and Thielecke, Frank},
  year={2013},
  publisher={Deutsche Gesellschaft für Luft-und Raumfahrt-Lilienthal-Oberth eV}
}

@inproceedings{mairaj2015preferred,
  title={Preferred choice for resource efficiency: Integrated Modular Avionics versus federated avionics},
  author={Mairaj, Aamir},
  booktitle={2015 IEEE Aerospace Conference},
  pages={1--6},
  year={2015},
  organization={IEEE},
  doi={10.1109/AERO.2015.7119127}
}

@article{al2012strictly,
  title={Strictly periodic scheduling in IMA-based architectures},
  author={Al Sheikh, Ahmad and Brun, Olivier and Hladik, Pierre-Emmanuel and Prabhu, Balakrishna J},
  journal={Real-Time Systems},
  volume={48},
  number={4},
  pages={359--386},
  year={2012},
  publisher={Springer},
  doi={10.1007/s11241-012-9148-y}
}

@inproceedings{marouf2011scheduling,
  title={Scheduling non-preemptive hard real-time tasks with strict periods},
  author={Marouf, Mohamed and Sorel, Yves},
  booktitle={ETFA2011},
  pages={1--8},
  year={2011},
  organization={IEEE},
  doi={10.1109/ETFA.2011.6059014}
}

@inproceedings{mayank2017non,
  title={Non-preemptive multiprocessor scheduling for periodic real-time tasks},
  author={Mayank, Jaishree and Mondal, Arijit},
  booktitle={2017 7th International Symposium on Embedded Computing and System Design (ISED)},
  pages={1--6},
  year={2017},
  organization={IEEE},
  doi={10.1109/ISED.2017.8303931}
}

@inproceedings{kermia2006non,
  title={Non-preemptive multiprocessor static scheduling for systems with precedence and strict periodicity constraints},
  author={Kermia, Omar and Cucu, Liliana and Sorel, Yves},
  booktitle={Proceedings of the 10th International Workshop On Project Management and Scheduling, PMS’06},
  year={2006}
}


@inproceedings{verschae2010scheduling,
  title={Scheduling periodic tasks in a hard real-time environment},
  author={Eisenbrand, Friedrich and Hähnle, Nicolai and Niemeier, Martin and Skutella, Martin and Verschae, José and Wiese, Andreas},
  booktitle={International colloquium on automata, languages, and programming},
  pages={299--311},
  year={2010},
  organization={Springer},
  doi={10.1007/978-3-642-14165-2_26}
}

@inproceedings{zheng2017scheduling,
  title={Scheduling of non-preemptive strictly periodic tasks in multi-core systems},
  author={Zheng, Hongliang and He, Yuanju and Zhou, Lingyu and Chen, Yiou and Ling, Xiang},
  booktitle={2017 International Conference on Circuits, Devices and Systems (ICCDS)},
  pages={195--200},
  year={2017},
  organization={IEEE},
  doi={10.1109/ICCDS.2017.8120477}
}

@inproceedings{al2010partition,
  title={Partition scheduling on an IMA platform with strict periodicity and communication delays},
  author={Al Sheikh, Ahmad and Brun, Olivier and Hladik, Pierre-Emmanuel},
  booktitle={18th international conference on real-time and network systems},
  pages={179--188},
  year={2010}
}

@inproceedings{lee2000scheduling,
  title={Scheduling tool and algorithm for integrated modular avionics systems},
  author={Lee, Y-H and Kim, Daeyoung and Younis, Mohammed and Zhou, Jeff},
  booktitle={19th DASC. 19th Digital Avionics Systems Conference. Proceedings (Cat. No. 00CH37126)},
  volume={1},
  pages={1C2--1},
  year={2000},
  organization={IEEE},
  doi={10.1109/DASC.2000.886885}
}

@inproceedings{easwaran2009compositional,
  title={A compositional scheduling framework for digital avionics systems},
  author={Easwaran, Arvind and Lee, Insup and Sokolsky, Oleg and Vestal, Steve},
  booktitle={2009 15th IEEE International Conference on Embedded and Real-Time Computing Systems and Applications},
  pages={371--380},
  year={2009},
  organization={IEEE},
  doi={10.1109/RTCSA.2009.46}
}

@inproceedings{eisenbrand2010solving,
  title={Solving an avionics real-time scheduling problem by advanced IP-methods},
  author={Eisenbrand, Friedrich and Kesavan, Karthikeyan and Mattikalli, Raju S and Niemeier, Martin and Nordsieck, Arnold W and Skutella, Martin and Verschae, José and Wiese, Andreas},
  booktitle={European Symposium on Algorithms},
  pages={11--22},
  year={2010},
  organization={Springer},
  doi={10.1007/978-3-642-15775-2_2}
}

@inproceedings{beji2014smt,
  title={SMT-based cost optimization approach for the integration of avionic functions in IMA and TTEthernet architectures},
  author={Beji, Sofiene and Hamadou, Sardaouna and Gherbi, Abdelouahed and Mullins, John},
  booktitle={Proceedings of the 2014 IEEE/ACM 18th International Symposium on Distributed Simulation and Real Time Applications},
  pages={165--174},
  year={2014},
  organization={IEEE Computer Society},
  doi={10.1109/DS-RT.2014.28}
}

@article{bar2004efficient,
  title={Efficient algorithms for periodic scheduling},
  author={Bar-Noy, Amotz and Dreizin, Vladimir and Patt-Shamir, Boaz},
  journal={Computer Networks},
  volume={45},
  number={2},
  pages={155--173},
  year={2004},
  publisher={Elsevier},
  doi={10.1016/j.comnet.2003.12.017}
}

@inproceedings{melani2017scheduling,
  title={A scheduling framework for handling integrated modular avionic systems on multicore platforms},
  author={Melani, Alessandra and Mancuso, Renato and Caccamo, Marco and Buttazzo, Giorgio and Freitag, Johannes and Uhrig, Sascha},
  booktitle={2017 IEEE 23rd International Conference on Embedded and Real-Time Computing Systems and Applications (RTCSA)},
  pages={1--10},
  year={2017},
  organization={IEEE},
  doi={10.1109/RTCSA.2017.8046314}
}

@article{buttazzo2012limited,
  title={Limited preemptive scheduling for real-time systems. a survey},
  author={Buttazzo, Giorgio C. and Bertogna, Marko and Yao, Gang},
  journal={IEEE Transactions on Industrial Informatics},
  volume={9},
  number={1},
  pages={3--15},
  year={2012},
  publisher={IEEE},
  doi={10.1109/TII.2012.2188805}
}

@book{pinedo2008scheduling,
  title={Scheduling},
  subtitle={Theory, Algorithms, and Systems},
  edition={3},
  author={Pinedo, Michael},
  year={2008},
  publisher={Springer},
  doi={10.1007/978-0-387-78935-4}
}

@article{pira2016line,
  title={Line search method for solving a non-preemptive strictly periodic scheduling problem},
  author={Pira, Clément and Artigues, Christian},
  journal={Journal of Scheduling},
  volume={19},
  number={3},
  pages={227--243},
  year={2016},
  publisher={Springer},
  doi={10.1007/s10951-014-0389-6},
}

@article{liu1973scheduling,
  title={Scheduling algorithms for multiprogramming in a hard-real-time environment},
  author={Liu, Chung Laung and Layland, James W},
  journal={Journal of the ACM (JACM)},
  volume={20},
  number={1},
  pages={46--61},
  year={1973},
  publisher={ACM},
  doi={10.1145/321738.321743}
}

@inproceedings{nasri2015efficient,
  title={An efficient method for assigning harmonic periods to hard real-time tasks with period ranges},
  author={Nasri, Mitra and Fohler, Gerhard},
  booktitle={2015 27th Euromicro Conference on Real-Time Systems},
  pages={149--159},
  year={2015},
  organization={IEEE},
  doi={10.1109/ECRTS.2015.21}
}

@incollection{orsila2008best,
  title={Best practices for simulated annealing in multiprocessor task distribution problems},
  author={Orsila, Heikki and Salminen, Erno and Hämäläinen, Timo D},
  booktitle={Simulated annealing},
  year={2008},
  publisher={IntechOpen}
}

@software{cbc-solver,
  title={CBC -- Coin-or branch and cut},
  author={COIN-OR Foundation},
  year={2010},
  url={https://github.com/coin-or/Cbc},
  version={2.9.0},
  urldate={2019-07-08},
}

@inproceedings{silva2014multima,
  title={MultIMA-Multi-Core in integrated modular avionics},
  author={Silva, Claudio and Tatibana, Cassia},
  booktitle={DASIA 2014-DAta Systems in Aerospace},
  volume={725},
  year={2014}
}

@manual{arinc653,
	organization = {Aeronautical Radio, Incorporated},
	title = {Arinc Specification 653: Avionics Application Software Standard Interface},
	subtitle = {Part1: Required Services},
	year = {2015},
}

@manual{arinc664,
	organization = {Aeronautical Radio, Incorporated},
	title = {Arinc Specification 653: Aircraft Data Network},
	subtitle = {Part 7: Avionics Full-Duplex Switched Ethernet Network},
	year = {2009},
}

@inproceedings{alena2007communications,
  title={Communications for integrated modular avionics},
  author={Alena, Richard L and Ossenfort, John P and Laws, Kenneth I and Goforth, Andre and Figueroa, Fernando},
  booktitle={2007 IEEE Aerospace Conference},
  pages={1--18},
  year={2007},
  organization={IEEE},
  doi={10.1109/AERO.2007.352639}
}

@article{benammar2017forward,
  title={Forward End-to-End Delay for AFDX Networks},
  author={Benammar, Nassima and Ridouard, Frédéric and Bauer, Henri and Richard, Pascal},
  journal={IEEE Transactions on Industrial Informatics},
  volume={14},
  number={3},
  pages={858--865},
  year={2017},
  publisher={IEEE},
  doi={10.1109/TII.2017.2720799}
}

@book{russell2016artificial,
    title={Artificial intelligence: a modern approach},
    author={Russell, Stuart J and Norvig, Peter},
    year={2016},
    publisher={Malaysia; Pearson Education Limited},
    edition={3},
}

@article{nash1951non,
  title={Non-cooperative games},
  author={Nash, John},
  journal={Annals of mathematics},
  pages={286--295},
  year={1951},
  publisher={JSTOR},
  doi={10.2307/1969529}
}

@inproceedings{durand2016complexity,
  title={Complexity and optimality of the best response algorithm in random potential games},
  author={Durand, Stéphane and Gaujal, Bruno},
  booktitle={International Symposium on Algorithmic Game Theory},
  pages={40--51},
  year={2016},
  organization={Springer},
  doi={10.1007/978-3-662-53354-3_4}
}

@incollection{eshelman1993real,
  title={Real-coded genetic algorithms and interval-schemata},
  author={Eshelman, Larry J and Schaffer, J David},
  booktitle={Foundations of genetic algorithms},
  volume={2},
  pages={187--202},
  year={1993},
  publisher={Elsevier},
  doi={10.1016/B978-0-08-094832-4.50018-0}
}

@report{gwaltney2006comparison,
  title={Comparison of communication architectures for spacecraft modular avionics systems},
  author={Gwaltney, DA and Briscoe, JM},
  year={2006},
  institution={NASA},
  location={Marshall Space Flight Center, AL, US},
}

@phdthesis{robati2016model,
  title={Model-based techniques for the future integration for formal verification of critical real-time software systems},
  author={Robati, Tiyam},
  year={2016},
  school={École de technologie supérieure}
}

@article{sorensen2015metaheuristics,
  title={Metaheuristicsthe metaphor exposed},
  author={Sörensen, Kenneth},
  journal={International Transactions in Operational Research},
  volume={22},
  number={1},
  pages={3--18},
  year={2015},
  publisher={Wiley Online Library},
  doi={10.1111/itor.12001}
}

@article{meindl2012analysis,
  title={Analysis of commercial and free and open source solvers for linear optimization problems},
  author={Meindl, Bernhard and Templ, Matthias},
  journal={Eurostat and Statistics Netherlands within the project ESSnet on common tools and harmonised methodology for SDC in the ESS},
  volume={20},
  year={2012}
}

@article{ananda2013arinc,
  title={ARINC 653 API and its application--An insight into Avionics System Case Study},
  author={Ananda, CM and Nair, Sabitha and Mainak, GH},
  journal={Defence Science Journal},
  volume={63},
  number={2},
  pages={223--229},
  year={2013},
  doi={10.14429/dsj.63.4268},
}

@inproceedings{windsor2011integrated,
  title={Integrated modular avionics for spacecraft},
  subtitle={User requirements, architecture and role definition},
  author={Windsor, James and Deredempt, Marie-Hélène and De-Ferluc, Regis},
  booktitle={2011 IEEE/AIAA 30th Digital Avionics Systems Conference},
  pages={8A6--1},
  year={2011},
  organization={IEEE},
  doi={10.1109/DASC.2011.6096141},
}

@mastersthesis{silva2012integrated,
  title={Integrated modular avionics for space applications},
  subtitle={Input/output module},
  author={Silva, Cláudio},
  year={2012},
  school={Instituto Superior Técnico, Universidade de Lisboa},
}

@article{goldreich2008computational,
  title={Computational complexity: a conceptual perspective},
  author={Goldreich, Oded},
  journal={ACM Sigact News},
  volume={39},
  number={3},
  pages={35--39},
  year={2008},
  publisher={ACM},
  doi={10.1145/1412700.1412710},
}

@article{kirkpatrick1983optimization,
  title={Optimization by simulated annealing},
  author={Kirkpatrick, Scott and Gelatt, C Daniel and Vecchi, Mario P},
  journal={science},
  volume={220},
  number={4598},
  pages={671--680},
  year={1983},
  publisher={American Association for the Advancement of Science},
  doi={10.1126/science.220.4598.671},
}

@incollection{glover1998tabu,
  title={Tabu search},
  author={Glover, Fred and Laguna, Manuel},
  booktitle={Handbook of combinatorial optimization},
  pages={2093--2229},
  year={1998},
  publisher={Springer},
  doi={10.1007/978-1-4613-0303-9_33},
}

@article{fogel1994introduction,
  title={An introduction to simulated evolutionary optimization},
  author={Fogel, David B},
  journal={IEEE transactions on neural networks},
  volume={5},
  number={1},
  pages={3--14},
  year={1994},
  doi={10.1109/72.265956},
}
