% Encoding: UTF-8

@entry{a653,
    name = {Arinc 653},
    description = {Aeronautical Radio, Incorporated Specification 653 -- Avionics Application Standard Software Interface},
    first = {Arinc 653},
    text = {Arinc 653},
    long = {Arinc specification 653}
}
@entry{a664,
    name = {Arinc 664},
    text = {Arinc 664},
    first = {Arinc 664},
    long = {Arinc specification 664},
    description = {Aeronautical Radio, Incorporated Specification 664 -- Avionics Full-Duplex Switched Ethernet},
}
@entry{a651,
    name = {Arinc 651},
    description = {Aeronautical Radio, Incorporated  Specification 651 -- Design Guidance for Integrated Modular Avionics},
    first = {Arinc 651},
    text = {Arinc 651},
    long = {Arinc specification 651},
}
@entry{a429,
    name = {Arinc 429},
    description = {Aeronautical Radio, Incorporated  Specification 651 -- Digital Information Transfer System},
    first = {Arinc 429},
    text = {Arinc 429},
    long = {Arinc specification 429},
}
@entry{dima,
    text = {DIMA},
    name = {DIMA},
    description = {Distributed Integrated Modular Avionics},
    first = {Distributed Integrated Modular Avionics (DIMA)},
}
@entry{ima,
    text = {IMA},
    name = {IMA},
    description = {Integrated Modular Avionics},
    first = {Integrated Modular Avionics (IMA)},
    long = {Integrated Modular Avionics},
}
@entry{ima-sp,
    text = {IMA-SP},
    name = {IMA-SP},
    description = {Integrated Modular Avionics for Space},
    first = {Integrated Modular Avionics for Space (IMA-SP)},
    long = {Integrated Modular Avionics for Space},
}
@entry{rtos,
    text = {RTOS},
    name = {RTOS},
    description = {Real-Time Operating System},
    first = {Real-Time Operating System (RTOS)},
    firstplural = {Real-Time Operating Systems (RTOSs)},
}
@entry{lru,
    text = {LRU},
    name = {LRU},
    description = {Line Replaceable Unit},
    first = {Line Replaceable Unit (LRU)},
    firstplural = {Line Replaceable Units (LRUs)},
}
@entry{cpiom,
    text = {CPIOM},
    name = {CPIOM},
    description = {Core Processing Input-Output Module},
    first = {Core Processing Input-Output Module (CPIOM)},
    firstplural = {Core Processing Input-Output Modules (CPIOMs)},
}
@entry{cpm,
    text = {CPM},
    name = {CPM},
    description = {Core Processing Module},
    first = {Core Processing Module (CPM)},
    firstplural = {Core Processing Modules (CPMs)},
}
@entry{io,
    text = {I/O},
    name = {I/O},
    description = {Input/Output},
    first = {Input/Output (I/O)},
}
@entry{apex,
    text = {APEX},
    name = {APEX},
    description = {Application Executive Interface},
    first = {Application Executive Interface (APEX)},
}
@entry{rdc,
    text = {RDC},
    name = {RDC},
    description = {Remote Data Concentrator},
    first = {Remote Data Concentrator (RDC)},
    firstplural = {Remote Data Concentrators (RDCs)},
}
@entry{uav,
    text = {UAV},
    name = {UAV},
    description = {Unmanned Aerial Vehicle},
    first = {Unmanned Aerial Vehicle (UAV)},
    firstplural = {Unmanned Aerial Vehicles (UAVs)},
}
@entry{api,
    text = {API},
    name = {API},
    description = {Application Programming Interface},
    first = {Application Programming Interface (API)},
    firstplural = {Application Programming Interfaces (APIs)},
}
@entry{posix,
    text = {POSIX},
    name = {POSIX},
    description = {Portable Operating System Interface},
    first = {Portable Operating System Interface (POSIX)},
}
@entry{cots,
    text = {COTS},
    name = {COTS},
    description = {Commercial off-the-Shelf},
    first = {Commercial off-the-Shelf (COTS)},
}
@entry{mtbf,
    text = {MTBF},
    name = {MTBF},
    description = {Mean Time Between Failures},
    first = {Mean Time Between Failures (MTBF)},
}
@entry{fifo,
    text = {FIFO},
    name = {FIFO},
    description = {First-In First-Out},
    first = {First-In First-Out (FIFO)},
}
@entry{lifo,
    text = {LIFO},
    name = {LIFO},
    description = {Last-In First-Out},
    first = {Last-In First-Out (LIFO)},
}
@entry{wcet,
    text = {WCET},
    name = {WCET},
    description = {Worst-Case Execution Time},
    first = {Worst-Case Execution Time (WCET)},
    firstplural = {Worst-Case Execution Times (WCETs)},
}
@entry{maf,
    text = {MTF},
    name = {MTF},
    description = {Major Time Frame},
    first = {Major Time Frame (MTF)},
}
@entry{afdx,
    text = {AFDX™},
    name = {AFDX},
    description = {Avionics Full-Duplex Switched Ethernet™},
    first = {Avionics Full-Duplex Switched Ethernet™ (AFDX)},
}
@entry{ete,
    text = {ETE},
    name = {ETE},
    description = {End-to-End},
    first = {End-to-End (ETE)},
}
@entry{tte,
    text = {TTEthernet},
    name = {TTEthernet},
    description = {Time-Triggered Ethernet},
    first = {Time-Triggered Ethernet (TTEthernet)},
}
@entry{lcm,
    text = {LCM},
    name = {LCM},
    description = {Least Common Multiple},
    first = {Least Common Multiple (LCM)},
}
@entry{gcd,
    text = {GCD},
    name = {GCD},
    description = {Greatest Common Divisor},
    first = {Greatest Common Divisor (GCD)},
}
@entry{ip,
    text = {IP},
    name = {IP},
    description = {Integer Programming},
    user1 = {Integer Program},
    first = {Integer Programming (IP)},
}
@entry{milp,
    text = {MILP},
    name = {MILP},
    description = {Mixed Integer Linear Programming},
    first = {Mixed Integer Linear Programming (MILP)},
    user1 = {Mixed Integer Linear Program}
}
@entry{ilp,
    text = {ILP},
    name = {ILP},
    description = {Integer Linear Programming},
    first = {Integer Linear Programming (MILP)},
    user1 = {Integer Linear Program}
}
@entry{smt,
    text = {SMT},
    name = {SMT},
    description = {Satisfiability Modulo Theories},
    first = {Satisfiability Modulo Theories (SMT)},
}
@entry{sa,
    text = {SA},
    name = {SA},
    description = {Simulated Annealing},
    long = {Simulated Annealing},
    first = {Simulated Annealing (SA)},
}
@entry{aco,
    text = {ACO},
    name = {ACO},
    description = {Ant Colony Optimization},
    first = {Ant Colony Optimization (ACO)},
}
@entry{csp,
    text = {CSP},
    name = {CSP},
    description = {Constraint Satisfaction Problem},
    first = {Constraint Satisfaction Problem (CSP)},
	firstplural = {Constraint Satisfaction Problems (CSPs)}
}
@entry{cop,
    text = {COP},
    name = {COP},
    description = {Combinatorial Optimization Problem},
    first = {Combinatorial Optimization Problem (COP)},
	firstplural = {Combinatorial Optimization Problems (COPs)}
}
