% Encoding: UTF-8

@symbol{ij,
	description = {partition indexes},
	name = {\ensuremath{i,j}},
	text = {},
    identifier = {roman},
}
@symbol{k,
	description = {job index},
	name = {\ensuremath{k}},
	text = {k},
    identifier = {roman},
}
@symbol{mn,
	description = {module indexes},
	name = {\ensuremath{m,n}},
	text = {},
    identifier = {roman},
}
@symbol{u,
	description = {window index},
	name = {\ensuremath{u}},
	text = {},
    identifier = {roman},
}
@symbol{c,
	description = {module with index $m$},
	name = {\ensuremath{c_m}},
	text = {c},
    identifier = {roman},
}
@symbol{C,
	description = {set of modules},
	name = {\ensuremath{\mathcal{C}}},
	text = {\mathcal{C}},
    identifier = {roman},
}
@symbol{Nc,
	description = {number of modules},
	name = {\ensuremath{N_{c}}},
	text = {N_{c}},
    identifier = {roman},
}
@symbol{f,
	description = {module assignment of partition with index $i$},
	name = {\ensuremath{f_{i}}},
	text = {f},
    identifier = {roman},
}
@symbol{S,
	description = {module with index $m$ memory capacity},
	name = {\ensuremath{S_m}},
	text = {S},
    identifier = {roman},
    sort = {Sa},
}
@symbol{eps,
	description = {module with index $m$ context switch time},
	name = {\ensuremath{ε_{m}}},
	text = {ε},
    identifier = {greek},
}
@symbol{H,
	description = {module with index $m$ major time frame},
	name = {\ensuremath{H_m}},
	text = {H},
    identifier = {roman},
}
@symbol{p,
	description = {partition with index $i$},
	name = {\ensuremath{p_i}},
	text = {p},
    identifier = {roman},
}
@symbol{P,
	description = {set of partitions},
	name = {\ensuremath{\mathcal{P}}},
	text = {\mathcal{P}},
    identifier = {roman},
}
@symbol{Np,
	description = {number of partitions},
	name = {\ensuremath{N_{p}}},
	text = {N_{p}},
    identifier = {roman},
}
@symbol{T,
	description = {partition with index $i$ period},
	name = {\ensuremath{T_i}},
	text = {T},
    identifier = {roman},
}
@symbol{e,
	description = {partition with index $i$ execution requirement},
	name = {\ensuremath{e_i}},
	text = {e},
    identifier = {roman},
}
@symbol{s,
	description = {partition with index $i$ memory requirement},
	name = {\ensuremath{s_i}},
	text = {s},
    identifier = {roman},
}
@symbol{D,
	description = {partition with index $i$ domain},
	name = {\ensuremath{D_i}},
	text = {D},
    identifier = {roman},
}
@symbol{B,
	description = {partition with index $i$ set of possible breakpoints},
	name = {\ensuremath{\mathcal{B}_i}},
	text = {\mathcal{B}},
    identifier = {roman},
}
@symbol{d,
	description = {partition with index $i$ maximum response time (relative deadline)},
	name = {\ensuremath{d_i}},
	text = {d},
    identifier = {roman},
}
@symbol{t,
	description = {partition with index $i$ starting time offset},
	name = {\ensuremath{t_{i}}},
	text = {t},
    identifier = {roman},
}
@symbol{Psub,
	description = {set of partitions scheduled in module with index $m$},
	name = {\ensuremath{\mathcal{P}_m}},
	text = {\mathcal{P}},
    identifier = {roman},
}
@symbol{K,
	description = {job count of partition with index $i$},
	name = {\ensuremath{K_{i}}},
	text = {K},
    identifier = {roman},
}
@symbol{g,
	description = {greatest common divisor of periods $T_i,T_j$},
	name = {\ensuremath{g_{i,j}}},
	text = {g},
    identifier = {roman},
}
@symbol{E,
	description = {processing time of chain $i\rightarrow j$},
	name = {\ensuremath{E_{i,j}}},
	text = {E},
    identifier = {roman},
}
@symbol{Eijmax,
	description = {maximum processing time of chain $i\rightarrow j$},
	name = {\ensuremath{E_{i,j}^{\max}}},
	text = {E_{i,j}^{\max}},
    user1 = {E_{j,i}^{\max}},
    user2 = {E^{\max}},
    identifier = {roman},
}% this one is inconsistent because having $E^{max}_u$ does not work, cant append _u in the text
@symbol{tau,
	description = {worst-case communication delay between modules indexed $m$ and $n$},
	name = {\ensuremath{τ_{m,n}}},
	text = {τ},
    identifier = {greek},
}
@symbol{Tau,
	description = {worst-case communication delay matrix},
	name = {\ensuremath{Τ}},
	text = {Τ},
    identifier = {greek},
}
@symbol{tau-hat,
	description = {worst-case communication delay between partitions indexed $i$ and $j$},
	name = {\ensuremath{\hat{τ}_{i,j}}},
	text = {\hat{τ}},
    identifier = {greek},
}
@symbol{chset,
	description = {set of windows composing partition with index $i$},
	name = {\ensuremath{Λ_i}},
	text = {Λ},
    identifier = {greek},
}
@symbol{ch,
	description = {partition with index $i$, $k$-th job, $u$-th window},
	name = {\ensuremath{λ_{i,k,u}}},
	text = {λ},
    identifier = {greek},
}
@symbol{M,
	description = {partition with index $i$ number of windows at job $k$},
	name = {\ensuremath{M_{i,k}}},
	text = {M},
    identifier = {roman},
}
@symbol{ech,
	description = {partition with index $i$, $k$-th job, $u$-th window duration},
	name = {\ensuremath{e_{i,k,u}}},
	text = {e},
    identifier = {roman},
}
@symbol{tch,
	description = {partition with index $i$, $k$-th, $u$-th window offset},
	name = {\ensuremath{t_{i,k,u}}},
	text = {t},
    identifier = {roman},
}
@symbol{delta,
	description = {Kronecker delta},
	name = {\ensuremath{δ}},
	text = {δ},
    identifier = {greek},
}
@symbol{r,
	description = {partition with index $i$ response time},
	name = {\ensuremath{r_i}},
	text = {r},
    identifier = {roman},
}
@symbol{l,
	description = {latency delay separating partitions indexed $i$ and $j$},
	name = {\ensuremath{l_{i,j}}},
	text = {l},
    identifier = {roman},
}
@symbol{U,
	description = {processor usage fraction},
	name = {\ensuremath{U}},
	text = {U},
    identifier = {roman},
}
@symbol{alpha,
	description = {schedule evaluation parameter},
	name = {\ensuremath{α}},
	text = {α},
    identifier = {greek},
}
@symbol{alpha-i,
	description = {partition with index $i$ utility},
	name = {\ensuremath{α_i}},
	text = {α},
    identifier = {greek},
}
@symbol{a,
	description = {boolean assignment of partition with index $i$ to module with index $m$},
	name = {\ensuremath{a_{i,m}}},
	text = {a},
    identifier = {roman},
}
@symbol{y,
	description = {boolean assignment of partition with index $i$ to module with index $m$ and $j$ to $n$},
	name = {\ensuremath{y_{i,j,m,n}}},
	text = {y},
    identifier = {roman},
}
@symbol{q,
	description = {quotient associated to $l_{i,j}$},
	name = {\ensuremath{q_{i,j}}},
	text = {q},
    identifier = {roman},
}
@symbol{x,
	description = {boolean stalling of a chain $i\rightarrow j$ for one period},
	name = {\ensuremath{x_{i,j}}},
	text = {x},
    identifier = {roman},
}
@symbol{Tset,
	description = {partition with index $i$ set of feasible offsets},
	name = {\ensuremath{\mathcal{T}_i}},
	text = {\mathcal{T}},
    identifier = {roman},
}
@symbol{Iset,
	description = {set of utility intersection points},
	name = {\ensuremath{\mathcal{I}_i}},
	text = {\mathcal{I}},
    identifier = {roman},
}
@symbol{St,
	description = {state},
	name = {\ensuremath{S}},
	text = {S},
    identifier = {roman},
    sort = {Sb},
}
@symbol{mov,
	description = {move operator},
	name = {\ensuremath{Mov()}},
	text = {Mov},
    identifier = {roman},
}
@symbol{sw,
	description = {swap operator},
	name = {\ensuremath{Sw()}},
	text = {Sw},
    identifier = {roman},
}
@symbol{sh,
	description = {shuffle operator},
	name = {\ensuremath{Sh()}},
	text = {Sh},
    identifier = {roman},
}
@symbol{sl,
	description = {slice operator},
	name = {\ensuremath{Sl()}},
	text = {Sl},
    identifier = {roman},
}
@symbol{lop,
	description = {local optimization operator},
	name = {\ensuremath{Lop()}},
	text = {Lop},
    identifier = {roman},
}
@symbol{cross,
	description = {crossover operator},
	name = {\ensuremath{Cr()}},
	text = {Cr},
    identifier = {roman},
}
@symbol{gr,
    description = {subgroup of partitions},
	name = {\ensuremath{\mathcal{X}}},
	text = {\mathcal{X}},
    identifier = {roman},
    sort = {xgroup},
}
@symbol{mgr,
    description = {subgroup of modules},
	name = {\ensuremath{\mathcal{M}}},
	text = {\mathcal{M}},
    identifier = {roman},
    sort = {mgroup},
}
@symbol{prob,
    description = {acceptance probability},
    name = {\ensuremath{P_a}},
    text = {P_a},
    identifier = {roman},
}
@symbol{sim,
    description = {solution similarity},
    name = {\ensuremath{sim(S_1,S_2)}},
    text = {sim},
    identifier = {roman},
}
@symbol{ev,
    description = {evaluation function},
    name = {\ensuremath{ev(S)}},
    text = {ev},
    identifier = {roman},
}
@symbol{iqr,
    description = {interquartile range},
    name = {\ensuremath{IQR}},
    text = {IQR},
    identifier = {roman},
}
